<?xml version="1.0" encoding="UTF-8"?>
<record xmlns="http://www.loc.gov/MARC21/slim">
  <leader>02464ntm a22003497a 4500</leader>
  <controlfield tag="001">3487993</controlfield>
  <controlfield tag="005">20100304154300.0</controlfield>
  <controlfield tag="008">090115s1851    xx            000 i eng d</controlfield>
  <datafield tag="033" ind1="0" ind2="0">
    <subfield code="a">18511017</subfield>
  </datafield>
  <datafield tag="040" ind1=" " ind2=" ">
    <subfield code="a">BRL</subfield>
  </datafield>
  <datafield tag="099" ind1=" " ind2=" ">
    <subfield code="a">Ms.A.9.2 v.29, p.13</subfield>
  </datafield>
  <datafield tag="100" ind1="1" ind2=" ">
    <subfield code="a">Estlin, Mary Anne,</subfield>
    <subfield code="d">1820-1902.</subfield>
  </datafield>
  <datafield tag="245" ind1="1" ind2="0">
    <subfield code="a">[Letter to] My dearest Mrs. Chapman</subfield>
    <subfield code="h">[manuscript].</subfield>
  </datafield>
  <datafield tag="260" ind1=" " ind2=" ">
    <subfield code="a">Park Street, [Bristol, England],</subfield>
    <subfield code="c">Oct 17, 1851.</subfield>
  </datafield>
  <datafield tag="300" ind1=" " ind2=" ">
    <subfield code="a">1 leaf (4 p.) ;</subfield>
    <subfield code="c">7 7/8 x 4 7/8 in.; and envelope 2 3/4 x 4 1/4 in.</subfield>
  </datafield>
  <datafield tag="500" ind1=" " ind2=" ">
    <subfield code="a">Holograph, signed.</subfield>
  </datafield>
  <datafield tag="500" ind1=" " ind2=" ">
    <subfield code="a">Mary Anne Estlin thanks Maria Weston Chapman for her letter and for supplying what &quot;ought to convince all who are open to conviction, &amp; to prevent their puzzling themselves further as to why oil &amp; water don&apos;t unite.&quot; The Quakers are &quot;in an increasing state of effervescence, &amp; I am prepared for their all withdrawing from our Committee...&quot; Mary A. Estlin is sending, via an acquaintance named Miss Coates, a copy of John Bigelow&apos;s Jamaica, with a long letter from Mr. Webb in it. [The book mentioned is entitled: Jamaica in 1850; or the Effects of Sixteen Years of Freedom on a Slave Colony.] Estlin said: &quot;The interest of the cause rest on my unaided hands.&quot; The severance from the Broad Street Society has not yet been accomplished. She mentions a Miss Goodwin who has &quot;susceptibility of cultivation,&quot; presumably as the result of her brother&apos;s conversation with Maria Weston Chapman. After mentioning a Mr. Clark, &quot;who writes such nonsense in the Examiner,&quot; Mary A. Estlin comments that &quot;there is something very gratifying in having such a meagre set of opposition letters, &amp; those only from quakers!&quot;</subfield>
  </datafield>
  <datafield tag="500" ind1=" " ind2=" ">
    <subfield code="a">Included is the accompanying envelope, with the delivery address: Mrs. Chapman, 17 Rue de Clichy, Paris.</subfield>
  </datafield>
  <datafield tag="600" ind1="1" ind2="0">
    <subfield code="a">Chapman, Maria Weston,</subfield>
    <subfield code="d">1806-1885</subfield>
    <subfield code="v">Correspondence.</subfield>
  </datafield>
  <datafield tag="600" ind1="1" ind2="0">
    <subfield code="a">Estlin, Mary Anne,</subfield>
    <subfield code="d">1820-1902</subfield>
    <subfield code="v">Correspondence.</subfield>
  </datafield>
  <datafield tag="600" ind1="1" ind2="0">
    <subfield code="a">Bigelow, John,</subfield>
    <subfield code="d">1817-1911.</subfield>
  </datafield>
  <datafield tag="600" ind1="1" ind2="0">
    <subfield code="a">Goodwin,</subfield>
    <subfield code="c">Miss.</subfield>
  </datafield>
  <datafield tag="610" ind1=" " ind2="0">
    <subfield code="a">British and Foreign Anti-slavery Society.</subfield>
  </datafield>
  <datafield tag="650" ind1="2" ind2="0">
    <subfield code="a">Society of Friends.</subfield>
  </datafield>
  <datafield tag="650" ind1=" " ind2="0">
    <subfield code="a">Antislavery movements</subfield>
    <subfield code="z">United States</subfield>
    <subfield code="x">History</subfield>
    <subfield code="y">19th century.</subfield>
  </datafield>
  <datafield tag="650" ind1=" " ind2="0">
    <subfield code="a">Women abolitionists</subfield>
    <subfield code="z">Massachusetts</subfield>
    <subfield code="z">Boston</subfield>
    <subfield code="y">19th century</subfield>
    <subfield code="v">Correspondence.</subfield>
  </datafield>
  <datafield tag="651" ind1=" " ind2="0">
    <subfield code="a">West Indies, British</subfield>
    <subfield code="x">Slavery.</subfield>
  </datafield>
  <datafield tag="655" ind1=" " ind2="0">
    <subfield code="a">Letters.</subfield>
  </datafield>
  <datafield tag="655" ind1=" " ind2="0">
    <subfield code="a">Manuscripts.</subfield>
  </datafield>
  <datafield tag="700" ind1="1" ind2="0">
    <subfield code="a">Chapman, Maria Weston,</subfield>
    <subfield code="d">1806-1885.</subfield>
    <subfield code="e">recipient</subfield>
  </datafield>
  <datafield tag="830" ind1=" " ind2="0">
    <subfield code="a">Maria Weston Chapman Correspondence (1835-1885)</subfield>
  </datafield>
  <datafield tag="999" ind1=" " ind2=" ">
    <subfield code="a">shots: 6</subfield>
  </datafield>
</record>
